%Bib file

@PHDTHESIS{Fischman2001,
   author = {{Fischman}, M.~A.},
    title = "{Development of a direct-sampling digital correlation radiometer for earth remote sensing applications}",
   school = {University of Michigan},
     year = 2001,
   adsurl = {http://adsabs.harvard.edu/abs/2001PhDT........69F},
  adsnote = {Provided by the SAO/NASA Astrophysics Data System}
}

@ARTICLE{Mitola1995, 
author={Mitola, J.}, 
journal={Communications Magazine, IEEE}, title={The software radio architecture}, 
year={May}, 
volume={33}, 
number={5}, 
pages={26-38}, 
keywords={channel coding;digital radio;economics;reviews;telecommunication computing;IF segment;RF segment;antenna segment;architectures;baseband segment;benefits;bitstream segment;canonical functional partitioning;channel coding;communications technology;component hardware;economics;hardware configurations;review;software radio architecture;Bit error rate;Computer architecture;Directive antennas;Mobile antennas;Modulation coding;Radio control;Radio spectrum management;Receiving antennas;Software radio;Transmitting antennas}, 
doi={10.1109/35.393001}, 
ISSN={0163-6804},}

@book{skou,
     AUTHOR = "Niels Skou and David Le Vine",
     Title = "Microwave Radiometer Systems Design and Analysis",
     PUBLISHER = {Artech House},
     ADDRESS = {Norwood, MA},
     YEAR = 2006}
     
@Book{ulaby,
     AUTHOR = {F. T. Ulaby, R. K. Moore and A. K. Fung},
     ALTeditor = {•},
     title = {Microwave Remote Sensing},
     publisher = {Artech House},
     year = {1981},
     OPTkey = {•},
     OPTvolume = {1},
     OPTnumber = {•},
     OPTseries = {•},
     OPTaddress = {Dedham, MA},
     OPTedition = {•},
     OPTmonth = {•},
     OPTnote = {•},
     OPTannote = {•}
     }
          
@book{Evans,
     AUTHOR = "George Evans and Charles W. McLeish",
     Title = "RF Radiometer Handbook",
     PUBLISHER = {Artech House},
     ADDRESS = {Dedham, MA},
     YEAR = 1977}
     
@ARTICLE{Tiuri, 
author={Tiuri, M.E.}, 
journal={Antennas and Propagation, IEEE Transactions on}, title={Radio astronomy receivers}, 
year={Dec}, 
volume={12}, 
number={7}, 
pages={930-938}, 
keywords={Microwave receivers;Radio astronomy;Radio receivers;Background noise;Bandwidth;Calibration;Detectors;Radar scattering;Radio astronomy;Radiofrequency amplifiers;Receivers;Receiving antennas;Voltage}, 
doi={10.1109/TAP.1964.1138345}, 
ISSN={0018-926X},}
	
@ARTICLE{Dicke, 
author={Dicke, R. H.}, 
journal={Review of Scientific Instruments}, title={The Measurement of Thermal Radiation at Microwave Frequencies}, 
year={Jul}, 
volume={17}, 
number={7}, 
pages={268-275}, 
doi={10.1063/1.1770483}, 
ISSN={0034-6748},}

@ARTICLE{Goggins, 
author={Goggins, William B.}, 
journal={Aerospace and Electronic Systems, IEEE Transactions on}, title={A Microwave Feedback Radiometer}, 
year={Jan.}, 
volume={AES-3}, 
number={1}, 
pages={83-90}, 
keywords={Antenna measurements;Attenuators;Background noise;Bandwidth;Feedback;Microwave radiometry;Servomechanisms;Stability;Switches;Working environment noise;Amplifier;feedback;microwave;noise;radiometer;servo loop}, 
doi={10.1109/TAES.1967.5408717}, 
ISSN={0018-9251},}
	
@ARTICLE{Hardy, 
author={Hardy, Walter N. and Gray, K.W. and Love, A.W.}, 
journal={Microwave Theory and Techniques, IEEE Transactions on}, title={An S-Band Radiometer Design with High Absolute Precision}, 
year={Apr}, 
volume={22}, 
number={4}, 
pages={382-390}, 
keywords={Absorption;Instruments;Kelvin;Ocean temperature;Radiometry;Rough surfaces;Scattering;Sea measurements;Sea surface;Surface roughness}, 
doi={10.1109/TMTT.1974.1128236}, 
ISSN={0018-9480},}

@ARTICLE{Bremer, 
author={Bremer, James C.}, 
journal={Instrumentation and Measurement, IEEE Transactions on}, title={Improvement of Scanning Radiometer Performance by Digital Reference Averaging}, 
year={March}, 
volume={28}, 
number={1}, 
pages={46-54}, 
keywords={Calibration;Hardware;Layout;Microprocessors;Microwave measurements;Microwave radiometry;Microwave theory and techniques;Pixel;Radiation detectors;Telescopes}, 
doi={10.1109/TIM.1979.4314759}, 
ISSN={0018-9456},}

@ARTICLE{Hach, 
author={Hach, J.-P.}, 
journal={Microwave Theory and Techniques, IEEE Transactions on}, title={A Very Sensitive Airborne Microwave Radiometer Using Two Reference Temperatures}, 
year={Sep}, 
volume={16}, 
number={9}, 
pages={629-636}, 
keywords={Loss measurement;Microwave radiometry;Particle measurements;Performance analysis;Radio frequency;Signal detection;Signal processing;Stability;Temperature dependence;Temperature sensors}, 
doi={10.1109/TMTT.1968.1126764}, 
ISSN={0018-9480},}

@INPROCEEDINGS{Ohm, 
author={Ohm, E. and SNELL, W.W.}, 
booktitle={Antennas and Propagation Society International Symposium, 1963}, title={A radiometer for a space communications receiver}, 
year={Jul}, 
volume={1}, 
pages={16-20}, 
keywords={Antenna measurements;Circuit noise;Directional couplers;Microwave communication;Microwave radiometry;Noise figure;Noise reduction;Receivers;Switches;Temperature sensors}, 
doi={10.1109/APS.1963.1148647},}

@ARTICLE{Fujimoto, 
author={Fujimoto, K.}, 
journal={Microwave Theory and Techniques, IEEE Transactions on}, title={On the Correlation Radiometer Technique}, 
year={Mar}, 
volume={12}, 
number={2}, 
pages={203-212}, 
keywords={Circuit noise;Fluctuations;Helium;Microwave radiometry;Noise cancellation;Noise reduction;Phase detection;Receiving antennas;Temperature measurement;Temperature sensors}, 
doi={10.1109/TMTT.1964.1125785}, 
ISSN={0018-9480},}

@ARTICLE{Clapp, 
author={Clapp, R. and Maxwell, J.}, 
journal={Antennas and Propagation, IEEE Transactions on}, title={Complex-correlation radiometer}, 
year={March}, 
volume={15}, 
number={2}, 
pages={286-290}, 
keywords={Correlations;Radiometry;Delay effects;Extraterrestrial measurements;Feedback loop;Fluctuations;Hybrid junctions;Noise level;Noise measurement;Radio control;Radiometry;Receiving antennas}, 
doi={10.1109/TAP.1967.1138875}, 
ISSN={0018-926X},}

@ARTICLE{Aitken, 
author={Aitken, George J M}, 
journal={Antennas and Propagation, IEEE Transactions on}, title={A new correlation radiometer}, 
year={Mar}, 
volume={16}, 
number={2}, 
pages={224-228}, 
keywords={Radiometry;Application specific processors;Circuit noise;Circuit stability;Costs;Detectors;Helium;Microwave radiometry;Noise level;Power measurement;Voltage fluctuations}, 
doi={10.1109/TAP.1968.1139144}, 
ISSN={0018-926X},}


@misc{Cross,
  author = 		"Don Cross",
  title = 		"Time domain filtering techniques for digital audio",
  year = 		1998,
  howpublished = "Website",
  note = 		"\url{http://groovit.disjunkt.com/analog/time-domain/timefilt.html}"
  }
  
@misc{Terlep,
  author = 		"Daniel Terlep",
  title = 		"How Quantization and Thermal Noise Determine an ADC's Effective Noise Figure",
  year = 		2002,
  howpublished = "Website",
  note = 		"\url{http://www.maximintegrated.com/app-notes/index.mvp/id/1197}"
  }

@article{Nyquist1928thermal,
  title={Thermal agitation of electric charge in conductors},
  author={Nyquist, Harry},
  journal={Physical review},
  volume={32},
  number={1},
  pages={110--113},
  year={1928}
}
  
@article{fischman1999sensitivity,
  title={Sensitivity of a 1.4 GHz direct-sampling digital radiometer},
  author={Fischman, Mark A and England, Anthony W},
  journal={Geoscience and Remote Sensing, IEEE Transactions on},
  volume={37},
  number={5},
  pages={2172--2180},
  year={1999},
  publisher={IEEE}
}

@INPROCEEDINGS{Erbas, 
author={Erbas, C. and Hornbuckle, B.K. and De Roo, R.D.}, 
booktitle={Geoscience and Remote Sensing Symposium, 2006. IGARSS 2006. IEEE International Conference on}, title={Iowa State University/The University of Michigan Direct Sampling Digital Radiometer}, 
year={31 2006-Aug. 4}, 
pages={3074-3077}, 
keywords={Field programmable gate arrays;Instruments;L-band;Microwave radiometry;Moisture measurement;Radio frequency;Sampling methods;Soil measurements;Soil moisture;Temperature control}, 
doi={10.1109/IGARSS.2006.789},}
  
@mastersthesis{Pleijers,
  author = 		"M.J.H Pleijers",
  title = 		"Radiometer Calibration and Retrieval Algorithms for Passive Remote Sensing of the Atmosphere",
  school = 		"Eindhoven University of Technology",
  year = 		1997
  }

@INPROCEEDINGS{Sarijari, 
author={Sarijari, M.A. and Marwanto, A. and Fisal, N. and Yusof, S. K S and Rashid, R.A. and Satria, M.H.}, 
booktitle={Communications (MICC), 2009 IEEE 9th Malaysia International Conference on}, title={Energy detection sensing based on GNU radio and USRP: An analysis study}, 
year={Dec.}, 
pages={338-342}, 
keywords={cognitive radio;radio networks;spectral analysis;GNU Radio system;USRP;cognitive radio wireless networks;energy detection sensing;flexible radio circuits;spectrum sensing;Analog-digital conversion;Bandwidth;Baseband;Cognitive radio;Digital-to-frequency converters;Radio frequency;Signal processing;Software radio;Telematics;Wireless networks;GNU Radio;Software Defined Radio;Spectrum Sensing;USRP}, 
doi={10.1109/MICC.2009.5431525},}
  
@INPROCEEDINGS{Ellingson, 
author={Ellingson, S.W. and Hampson, G.A. and Johnson, J.T.}, 
booktitle={Geoscience and Remote Sensing Symposium, 2003. IGARSS '03. Proceedings. 2003 IEEE International}, title={Design of an L-band microwave radiometer with active mitigation of interference}, 
year={July}, 
volume={3}, 
pages={1751-1753}, 
keywords={Bandwidth;Field programmable gate arrays;L-band;Microwave radiometry;Pulse measurements;Radar countermeasures;Radar detection;Radio astronomy;Radiofrequency interference;Testing}, 
doi={10.1109/IGARSS.2003.1294239},}

  
@inproceedings{Rashid,
  author = 		"Rozeha A. Rashid and M. Adib Sarijari and N. Fisal and S. K. S. Yusof and N. Hija Mahalin",
  title = 		"Spectrum Sensing Measurement using GNU Radio and USRP Software Radio Platform",
  booktitle =	"ICWMC 2011: The Seventh International Conference on Wireless and Mobile Communications",
  year = 		2011,
  pages = 		"237--242"
  }
  
@article{Glenn,
  author = 		"Frederick Glenn",
  title = 		"RF Detectors: square law, peak and transtional modes",
  year = 		2001
  }

@phdthesis{patton2007gnu,
  title={A GNU radio based software-defined radar},
  author={Patton, Lee K},
  year={2007},
  school={Wright State University}
}
  
@article{Leinweber,
  author = 		"Glen Leinweber",
  title = 		"Square Law Diode Detectors in 50 ohm Systems",
  year = 		2001}
  
@inproceedings{Leech,
  author = 		"Marcus Leech",
  title = 		"GNURadio and USRP: Solderless Breadboarding for the 21st Century",
  booktitle = 	"25th Anniversary Conference of the Society of Amateur Radio Astronomers",
  year = 2006
  }
  
@misc{Leech2007,
  author = 		"Marcus Leech and David Ocame",
  title = 		"A year of Gnu Radio and SDR astrononomy: experience, practice and observations",
  year = 		2007,
  howpublished = "Website",
  note = 		"\url{http://www.sbrac.org/documents/gnuradio_at_one_year_20070401.doc}"
  }
  
@article{naeem2010digital,
  title={Digital Receiver for SALSA},
  author={Naeem, Umair and Durrani, Nabeel},
  year={2010},
  publisher={Chalmers University of Technology}
}

@ARTICLE{McMullan, 
author={McMullan, K. D. and Brown, M.A. and Martin-Neira, M. and Rits, W. and Ekholm, S. and Marti, J. and Lemanczyk, J.}, 
journal={Geoscience and Remote Sensing, IEEE Transactions on}, title={SMOS: The Payload}, 
year={March}, 
volume={46}, 
number={3}, 
pages={594-605}, 
keywords={geophysical techniques;interferometry;moisture;oceanography;radiometers;remote sensing;soil;2D array;European Space Agency;MIRAS;Microwave Interferometric Radiometer with Aperture Synthesis;PROTEUS platform;SMOS;Soil Moisture and Ocean Salinity satellite;data products;frequency 1.4 GHz;imaging geometry;interferometric techniques;passive microwave radiometers;spatial resolution;Microwave radiometry}, 
doi={10.1109/TGRS.2007.914809}, 
ISSN={0196-2892},}
